@book{t01_brsv,
 author    = {Michael Ball and
              Alon Rosen and
              Manuel Sabin and
              Prashant Nalini Vasudevan},
 title     = {Proofs of Useful Work},
 publisher = {Columbia University},
 year      = 2017
}

@book{t01_bitcoin,
 author    = {S. Nakamoto},
 title     = {Bitcoin: A peer-to-peer electronic cash system},
 publisher = {},
 year      = 2008
}

@book{t01_dshane,
	author	  = {Daniel Shane},
	title	    = {Bitcoin boom may be a disaster for the environment},
	publisher = {CNN-Tech},
	url	  = "\url{http://money.cnn.com/2017/12/07/technology/bitcoin-energy-environment/index.html}",
	year	  = 2017
}

@article{t01_anderson,
  title={Mining bitcoins takes power, but is it an “environmental disaster?”},
  author={Anderson, Nate},
  journal={Ars Technica. April},
  volume={14},
  year={2013}
}

@inbook{t01_will15,
  author =       {Virginia V. Williams},
  title =        {Hardness of Easy Problems: Basing Hardness on Popular Conjectures such as the Strong Exponential Time Hypothesis},
  publisher =    { In Proc. International Symposium on Parameterized and Exact Computation},
  year =         2015
}


@inbook{t01_sk13,
  author =       {Sunny King},
  title =        {Primecoin: Cryptocurrency with prime number proof-of-work},
  year =         2013
}

@inbook{t01_mjspk14,
  author =       {Andrew Miller and
                  Ari Juels and
                  Elaine Shi and
                  Bryan Parno and
                  Jonathan Katz},
  title =        {Permacoin: Repurposing bitcoin work for data preservation.},
  year =         2014
}
@inbook{t01_go95,
  author =       {Anka Gajentaan and Mark Overmars},
  title =        {On a class of O(n2) problems in computational geometry},
  year =         1995
}

@inbook{t01_dn92,
  author =       {Cynthia Dwork and Moni Naor},
  title =        {Pricing via Processing or Combatting Junk Mail},
  year =         1992
}

@techreport{t01_techrep1,
	editor      = {The {ATM} Forum},
        institution = {The {E}uropean {M}arket {A}wareness {C}ommittee},
	title	    = {{ATM} Service Categories: The Benefits to the User},
        type        = {{W}hite {P}aper},
	month	    = may,
	year	    = 1996
}


@incollection{t01_ref2,
 author    = {Autor},
 title     = {Titel},
 booktitle = {Buchtitel},
 publisher = {Verlag},
 year      = 1994
}

@article{t01_gkwg16,
 author  = {Arthur Gervais and
            Ghassan O. Karame and
            Karl Wüst and
            Vasileios Glykantzis and
            Hubert Ritzdorf and
            Srdjan Capkun},
 title   = {On the Security and Performance of Proof of Work Blockchains},
 year    = 2016
}

@article{t01_gkwg16,
 author  = {Arthur Gervais and
            Ghassan O. Karame and
            Karl Wüst and
            Vasileios Glykantzis and
            Hubert Ritzdorf and
            Srdjan Capkun},
 title   = {On the Security and Performance of Proof of Work Blockchains},
 year    = 2016
}

@Misc{t01_qosr,
 author  = {E. Crawley and R. Nair and B. Rajagopalan and H. Sandick},
 title   = {A Framework for QoS-based Routing in the Internet},
 howpublished = {RFC 2386 (Informational)},
 organization = {IETF},
 year    = 1998,
 month   = aug
}

@Article{t01_JSAC96,
  author =       {Gerold Blakowski and Ralf Steinmetz},
  title =        {A Media Synchronization Survey: Reference Model,
                  Specification, and Case Studies},
  journal =      {IEEE Journal on Selected Areas in Communication},
  year =         1996,
  volume =       14,
  number =       1,
  month =        jan,
  pages =        {5--35}
}

Melissa Mokhtari
@article{t01_mkhtari,
  title={A Bitcoin Miner and an Environmentalist Walk Into a Bar...},
  author={Melissa Mokhtari},
  journal={Blockchainatberkeley Blog},
  year={2017}
}


@Manual{TB98,
  title =        {Technische Beschreibung f"ur System 4711},
  author =       {Fred Stenz and Willi Weich and Dieter Drollig and
                  Kurt Klein and Guenter Ganz},
  year =         1998
}

@Proceedings{stenz85:_about_time,
  title =        {About Time},
  year =         1985,
  editor =       {Fred Stenz and Willi Weich and Dieter Drollig}
}

@article{king2012ppcoin,
  title={Ppcoin: Peer-to-peer crypto-currency with proof-of-stake},
  author={King, Sunny and Nadal, Scott},
  journal={self-published paper, August},
  volume={19},
  year={2012}
}

@inproceedings{shacham2008compact,
  title={Compact proofs of retrievability},
  author={Shacham, Hovav and Waters, Brent},
  booktitle={International Conference on the Theory and Application of Cryptology and Information Security},
  pages={90--107},
  year={2008},
  organization={Springer}
}

@book{swan2015blockchain,
  title={Blockchain: Blueprint for a new economy},
  author={Swan, Melanie},
  year={2015},
  publisher={O'Reilly Media, Inc}
}

@inproceedings{ren2016proof,
  title={Proof of space from stacked expanders},
  author={Ren, Ling and Devadas, Srinivas},
  booktitle={Theory of Cryptography Conference},
  pages={262--285},
  year={2016},
  organization={Springer}
}
